@inproceedings{clipp2008robust,
	title={Robust 6dof motion estimation for non-overlapping, multi-camera systems},
	author={Clipp, Brian and Kim, Jae-Hak and Frahm, Jan-Michael and Pollefeys, Marc and Hartley, Richard},
	booktitle={Applications of Computer Vision, 2008. WACV 2008. IEEE Workshop on},
	pages={1--8},
	year={2008},
	organization={IEEE},
	url="http://dx.doi.org/10.1109/WACV.2008.4544011"
}
@inproceedings{lebeda2012fixing,
  title={Fixing the locally optimized ransac--full experimental evaluation},
  author={Lebeda, Karel and Matas, Jir{\i} and Chum, Ondrej},
  booktitle={British Machine Vision Conference},
  pages={1--11},
  year={2012},
  organization={Citeseer}
}
@mastersthesis{mythesis,
  author = {Persson, Mikael},
  title = {{Online Monocular SLAM:
           Rittums}},
  school = {Link√∂ping University},
  type = {{Lith-ISY-EX--13/4741-SE}},
  year = {2014},
  address = {Sweden},
}
@article{hartley1997defense,
  title={In defense of the eight-point algorithm},
  author={Hartley, Richard I},
  journal={Pattern Analysis and Machine Intelligence, IEEE Transactions on},
  volume={19},
  number={6},
  pages={580--593},
  year={1997},
  publisher={IEEE}
}
@inproceedings{engel14eccv,
author={J. Engel and T. Sch\"ops and D. Cremers},
title={{LSD-SLAM}: Large-Scale Direct Monocular {SLAM}},
year= {2014},
month={September},
booktitle = {ECCV},
keywords={rgb-d, monocular, slam, semidense, lsdslam},
award = {Oral Presentation}
}
@inproceedings{persson2015robust,
  title={Robust stereo visual odometry from monocular techniques},
  author={Persson, Mikael and Piccini, Tommaso and Felsberg, Michael and Mester, Rudolf},
  booktitle={Intelligent Vehicles Symposium (IV), 2015 IEEE},
  pages={686--691},
  year={2015},
  organization={IEEE}
}
@inproceedings{ventura2015efficient,
	title={An Efficient Minimal Solution for Multi-Camera Motion},
	author={Ventura, Jonathan and Arth, Clemens and Lepetit, Vincent},
	booktitle={Proceedings of the IEEE International Conference on Computer Vision},
	pages={747--755},
	year={2015}
}

@inproceedings{ventura2014minimal,
	title={A minimal solution to the generalized pose-and-scale problem},
	author={Ventura, Jonathan and Arth, Clemens and Reitmayr, Gerhard and Schmalstieg, Dieter},
	booktitle={Proceedings of the IEEE Conference on Computer Vision and Pattern Recognition},
	pages={422--429},
	year={2014},
	url="http://dx.doi.org/10.1109/CVPR.2014.61"
}

@inproceedings{kneip2014efficient,
	title={Efficient computation of relative pose for multi-camera systems},
	author={Kneip, Laurent and Li, Hongdong},
	booktitle={Proceedings of the IEEE Conference on Computer Vision and Pattern Recognition},
	pages={446--453},
	year={2014},
	url="http://dx.doi.org/10.1109/CVPR.2014.64"
}

@inproceedings{li2008linear,
	title={A linear approach to motion estimation using generalized camera models},
	author={Li, Hongdong and Hartley, Richard and Kim, Jae-Hak},
	booktitle={Computer Vision and Pattern Recognition, 2008. CVPR 2008. IEEE Conference on},
	pages={1--8},
	year={2008},
	organization={IEEE},
	url="http://dx.doi.org/10.1109/CVPR.2008.4587545"
}

@inproceedings{stewenius2005solutions,
	title={Solutions to minimal generalized relative pose problems},
	author={Stew{\'e}nius, Henrik and Nist{\'e}r, David and Oskarsson, Magnus and {\AA}str{\"o}m, Kalle},
	booktitle={Workshop on omnidirectional vision},
	volume={1},
	number={2},
	pages={3},
	year={2005},
	code = {http://vis.uky.edu/~stewe/code/generalized_camera/}
}

@inproceedings{lihartley2006fivepoint,
	author = {Li, H. and Hartley, R.} ,
	title = {Five-Point Motion Estimation Made Easy} ,
	booktitle={Proceedings of the IEEE Conference on Computer Vision and Pattern Recognition},
	year = 2006 ,
	month = "August" ,
	pages = "630--633" ,
	doi = "doi:10.1109/ICPR.2006.579" ,
	url = "http://dx.doi.org/10.1109/ICPR.2006.579" ,
}